<record><leader>00000cas a22000007a 4500</leader><controlfield tag="001">22196981</controlfield><controlfield tag="008">900808d19721973couwr ne      0    0eng d</controlfield><datafield ind1=" " ind2=" " tag="010"><subfield code="a">sn 90051537 </subfield></datafield><datafield ind1=" " ind2=" " tag="040"><subfield code="a">CNQ</subfield><subfield code="b">eng</subfield><subfield code="c">CNQ</subfield><subfield code="d">OCLCQ</subfield></datafield><datafield ind1=" " ind2=" " tag="042"><subfield code="a">msc</subfield></datafield><datafield ind1="0" ind2="4" tag="245"><subfield code="a">The Four Corners chieftain.</subfield></datafield><datafield ind1="1" ind2="3" tag="246"><subfield code="a">Four Corners chieftain incorporating the Ignacio chieftain and the Bayfield blade</subfield></datafield><datafield ind1=" " ind2=" " tag="260"><subfield code="a">Ignacio, Colo. :</subfield><subfield code="b">La Plata County Pub. Co.</subfield></datafield><datafield ind1=" " ind2=" " tag="300"><subfield code="a">v.</subfield></datafield><datafield ind1=" " ind2=" " tag="310"><subfield code="a">Weekly</subfield></datafield><datafield ind1="1" ind2=" " tag="362"><subfield code="a">Began in 1972.</subfield></datafield><datafield ind1="0" ind2=" " tag="362"><subfield code="a">-64th year, no. 13 (Nov. 16, 1973).</subfield></datafield><datafield ind1=" " ind2=" " tag="588"><subfield code="a">Description based on: 62nd year, no. 56 (Oct. 6, 1972).</subfield></datafield><datafield ind1=" " ind2=" " tag="752"><subfield code="a">United States</subfield><subfield code="b">Colorado</subfield><subfield code="c">La Plata</subfield><subfield code="d">Ignacio.</subfield></datafield><datafield ind1="0" ind2="0" tag="780"><subfield code="t">Four Corners chieftain and the Bayfield blade</subfield><subfield code="w">(DLC)sn 90051536</subfield></datafield><datafield ind1="0" ind2="0" tag="785"><subfield code="t">Mountain eagle incorporating the Four Corners chieftain</subfield><subfield code="w">(DLC)sn 90051538</subfield></datafield><datafield ind1="1" ind2=" " tag="029"><subfield code="a">AU@</subfield><subfield code="b">000025852171</subfield></datafield></record>